<record><leader>00000cas a22000007a 4500</leader><controlfield tag="001">1604167</controlfield><controlfield tag="008">750907d19201931mnuwr ne      0    0eng d</controlfield><controlfield tag="009">501</controlfield><datafield ind1=" " ind2=" " tag="010"><subfield code="a">sn 90057489 </subfield></datafield><datafield ind1=" " ind2=" " tag="040"><subfield code="a">MUL</subfield><subfield code="b">eng</subfield><subfield code="c">MUL</subfield><subfield code="d">MN#</subfield><subfield code="d">OCLCQ</subfield></datafield><datafield ind1="1" ind2=" " tag="029"><subfield code="a">AU@</subfield><subfield code="b">000025871290</subfield></datafield><datafield ind1=" " ind2=" " tag="042"><subfield code="a">msc</subfield></datafield><datafield ind1=" " ind2=" " tag="043"><subfield code="a">n-us-mn</subfield></datafield><datafield ind1=" " ind2=" " tag="052"><subfield code="a">4144</subfield><subfield code="b">H67</subfield></datafield><datafield ind1=" " ind2=" " tag="052"><subfield code="a">4143</subfield><subfield code="b">C5</subfield></datafield><datafield ind1="0" ind2="0" tag="245"><subfield code="a">Hitterdal standard.</subfield></datafield><datafield ind1=" " ind2=" " tag="260"><subfield code="a">Hitterdal, Clay County, Minn. :</subfield><subfield code="b">Arnt E.O. Melbye,</subfield><subfield code="c">1920-</subfield></datafield><datafield ind1=" " ind2=" " tag="300"><subfield code="a">v.</subfield></datafield><datafield ind1=" " ind2=" " tag="310"><subfield code="a">Weekly</subfield></datafield><datafield ind1="0" ind2=" " tag="362"><subfield code="a">Vol. 1, no. 1 (Oct. 14, 1920)-</subfield></datafield><datafield ind1="1" ind2=" " tag="362"><subfield code="a">Ceased in Feb. 1931.</subfield></datafield><datafield ind1=" " ind2=" " tag="515"><subfield code="a">Publication suspended with issue for May 6, 1926.</subfield></datafield><datafield ind1=" " ind2=" " tag="530"><subfield code="a">Available on microfilm from the Minnesota Historical Society.</subfield></datafield><datafield ind1=" " ind2="0" tag="651"><subfield code="a">Hitterdal (Minn.)</subfield><subfield code="v">Newspapers.</subfield></datafield><datafield ind1=" " ind2=" " tag="752"><subfield code="a">United States</subfield><subfield code="b">Minnesota</subfield><subfield code="c">Clay</subfield><subfield code="d">Hitterdal.</subfield></datafield><datafield ind1="0" ind2="0" tag="785"><subfield code="t">Hawley-Hitterdal standard</subfield><subfield code="w">(DLC)sn 90057487</subfield></datafield></record>